@incollection{smisek20133d,
  title={3D with Kinect},
  author={Smisek, Jan and Jancosek, Michal and Pajdla, Tomas},
  booktitle={Consumer depth cameras for computer vision},
  pages={3--25},
  year={2013},
  publisher={Springer}
}

@article{lachat2015first,
  title={First experiences with Kinect v2 sensor for close range 3D modelling},
  author={Lachat, E and Macher, H and Mittet, MA and Landes, T and Grussenmeyer, P},
  journal={The International Archives of Photogrammetry, Remote Sensing and Spatial Information Sciences},
  volume={40},
  number={5},
  pages={93},
  year={2015},
  publisher={Copernicus GmbH}
}

@phdthesis{valgma20163d,
  title={3D reconstruction using Kinect v2 camera},
  author={Valgma, Lembit},
  year={2016},
  school={Tartu {\"U}likool}
}

@inproceedings{gokturk2004time,
  title={A time-of-flight depth sensor-system description, issues and solutions},
  author={Gokturk, S Burak and Yalcin, Hakan and Bamji, Cyrus},
  booktitle={Computer Vision and Pattern Recognition Workshop, 2004. CVPRW'04. Conference on},
  pages={35--35},
  year={2004},
  organization={IEEE}
}

@inproceedings{Silberman:ECCV12,
  author    = {Nathan Silberman, Derek Hoiem, Pushmeet Kohli and Rob Fergus},
  title     = {Indoor Segmentation and Support Inference from RGBD Images},
  booktitle = {ECCV},
  year      = {2012}
}

@inproceedings{Izadi:2011:KRR:2047196.2047270,
 author = {Izadi, Shahram and Kim, David and Hilliges, Otmar and Molyneaux, David and Newcombe, Richard and Kohli, Pushmeet and Shotton, Jamie and Hodges, Steve and Freeman, Dustin and Davison, Andrew and Fitzgibbon, Andrew},
 title = {KinectFusion: Real-time 3D Reconstruction and Interaction Using a Moving Depth Camera},
 booktitle = {Proceedings of the 24th Annual ACM Symposium on User Interface Software and Technology},
 series = {UIST '11},
 year = {2011},
 isbn = {978-1-4503-0716-1},
 location = {Santa Barbara, California, USA},
 pages = {559--568},
 numpages = {10},
 url = {http://doi.acm.org/10.1145/2047196.2047270},
 doi = {10.1145/2047196.2047270},
 acmid = {2047270},
 publisher = {ACM},
 address = {New York, NY, USA},
 keywords = {3D, AR, GPU, depth cameras, geometry-aware interactions, physics, surface reconstruction, tracking},
} 