@inproceedings{levoy2000digital,
  title={The digital Michelangelo project: 3D scanning of large statues},
  author={Levoy, Marc and Pulli, Kari and Curless, Brian and Rusinkiewicz, Szymon and Koller, David and Pereira, Lucas and Ginzton, Matt and Anderson, Sean and Davis, James and Ginsberg, Jeremy and others},
  booktitle={Proceedings of the 27th annual conference on Computer graphics and interactive techniques},
  pages={131--144},
  year={2000},
  organization={ACM Press/Addison-Wesley Publishing Co.}
}