@inproceedings{mve,
 author = {Fuhrmann, Simon and Langguth, Fabian and Goesele, Michael},
 title = {MVE: A Multi-view Reconstruction Environment},
 booktitle = {Proceedings of the Eurographics Workshop on Graphics and Cultural Heritage},
 series = {GCH '14},
 year = {2014},
 isbn = {978-3-905674-63-7},
 location = {Darmstadt, Germany},
 pages = {11--18},
 numpages = {8},
 url = {http://dx.doi.org/10.2312/gch.20141299},
 doi = {10.2312/gch.20141299},
 acmid = {2854925},
 publisher = {Eurographics Association},
 address = {Aire-la-Ville, Switzerland, Switzerland},
}

@article{pipelinemve,
  title={Reconstruction Pipeline Howto version 0.1},
}

@inproceedings{goesele2007multi,
  title={Multi-view stereo for community photo collections},
  author={Goesele, Michael and Snavely, Noah and Curless, Brian and Hoppe, Hugues and Seitz, Steven M},
  booktitle={Computer Vision, 2007. ICCV 2007. IEEE 11th International Conference on},
  pages={1--8},
  year={2007},
  organization={IEEE}
}