@inproceedings{pagani2011structure,
  title={Structure from motion using full spherical panoramic cameras},
  author={Pagani, Alain and Stricker, Didier},
  booktitle={Computer Vision Workshops (ICCV Workshops), 2011 IEEE International Conference on},
  pages={375--382},
  year={2011},
  organization={IEEE}
}

@article{3DCompVisionDidier,
  title={Structure from motion},
  author={Stricker, Didier}
}

@article{3DCompVision2Didier,
  title={Structure from motion II},
  author={Stricker, Didier}
}

@inproceedings{zhu,
  title={3D Reconstruction From Multiple Views Based on Scale-Invariant Feature Transform},
  author={Zhu, Wenqi},
  slides={22}
}

@article{schonberger2014structure,
  title={Structure-from-motion for MAV image sequence analysis with photogrammetric applications},
  author={Sch{\"o}nberger, Johannes L and Fraundorfer, Friedrich and Frahm, Jan Michael},
  journal={The International Archives of Photogrammetry, Remote Sensing and Spatial Information Sciences},
  volume={40},
  number={3},
  pages={305},
  year={2014},
  publisher={Copernicus GmbH}
}