@inproceedings{wu2013towards,
  title={Towards linear-time incremental structure from motion},
  author={Wu, Changchang},
  booktitle={3DTV-Conference, 2013 International Conference on},
  pages={127--134},
  year={2013},
  organization={IEEE}
} 

@inproceedings{visualSfMPMVS,
 author = {Teeravech, Kumpee},
 title = {AN INTRODUCTION TO 3D RECONSTRUCTION using VisualSFM and PMVS2/CMVS},
 booktitle = {Remote Sensing and Geographic Information Systems},
 year = {2013},
 isbn = {978-3-905674-63-7},
 location = {School of Engineering and Technology. Asian Institute of Technology.},
}

@inproceedings{wu2013towards,
  title={Towards linear-time incremental structure from motion},
  author={Wu, Changchang},
  booktitle={3DTV-Conference, 2013 International Conference on},
  pages={127--134},
  year={2013},
  organization={IEEE}
} 

@article{gavadense,
  title={Dense 3D Reconstruction},
  author={Gava, Christiano}
}

@article{visualSFMTutorial,
  title={How to VisualSFM},
  author={Morgan, Jacob and Brogan, Daniel},
  journal={Department of Civil \& Environmental Engineering, Colorado State University, Fort Collins, Colorado},
  year={2016}
}

@inproceedings{furukawa2010towards,
  title={Towards internet-scale multi-view stereo},
  author={Furukawa, Yasutaka and Curless, Brian and Seitz, Steven M and Szeliski, Richard},
  booktitle={Computer Vision and Pattern Recognition (CVPR), 2010 IEEE Conference on},
  pages={1434--1441},
  year={2010},
  organization={IEEE}
}

@article{bundleAdjustmentSlide,
  title={Bundle Adjustment : A Tutorial},
  author={Choudhary, Siddharth}
}

@article{wu2011visualsfm,
  title={VisualSFM: A visual structure from motion system},
  author={Wu, Changchang and others},
  year={2011}
}

@inproceedings{wu2011multicore,
  title={Multicore bundle adjustment},
  author={Wu, Changchang and Agarwal, Sameer and Curless, Brian and Seitz, Steven M},
  booktitle={Computer Vision and Pattern Recognition (CVPR), 2011 IEEE Conference on},
  pages={3057--3064},
  year={2011},
  organization={IEEE}
}